@online{Akinci,
    author = "Akıncı, S. and Lösel, D.M",
    title = "Plant Water-Stress Response Mechanisms",
    url  = "https://www.intechopen.com/books/water-stress/plant-water-stress-response-mechanisms",
    keywords = "plant,water, stress"
}
@book{photonvegetation,
    title = {Photon Vegetation Interactions},
    author = {Myneni, R.B. and Ross, J.},
    isbn = {9783642753916},
    series = {Applications in Optical Remote Sensing and Plant Ecology},
    year = {1991},
    publisher = {Springer-Verlag},
    keywords = {photons, vegetation, remote sensing}
}
@article{haralickcancer,
    author = "Zayed, N. and Elnemr, H.A.",
    title = "{Statistical Analysis of Haralick Texture Features to Discriminate Lung Abnormalities}",
    journal = "International Journal of Biomedical Imaging",
    volume = "2015",
    number = "10",
    pages = "7",
    year = "2015",
    DOI = "http://dx.doi.org/10.1155/2015/267807",
    keywords = "lung, cancer, haralick"
}
@article{haralick,
    author = "Albert Einstein",
    title = "{Textural Features for Image Classification}",
    journal = "IEEE Transactions on Systems, Man, and Cybernetics",
    volume = "SMC",
    number = "3",
    pages = "610--621",
    year = "1973",
    DOI = "https://doi.org/10.1109/TSMC.1973.4309314",
    keywords = "texture, glcm"
}
@book{linearcircuit,
    title = {Linear Circuits},
    author = {Scott, R.E.},
    isbn = {9780201068207},
    year = {1960},
    publisher = {Addison-Wesley Educational Publishers Inc},
    keywords = {circuits, linear}
}
@book{maxwell,
    title = {Dynamical Theory of the Electromagnetic Field},
    author = {Maxwell, J.C.},
    isbn = {9781603866163},
    year = {1865},
    publisher = {Philosophical Transactions of the Royal Society},
    keywords = {physics}
}
@book{chipman,
    title = {Polarimetry},
    author = {Chipman, R.},
    isbn = {9780071498890},
    series = {Handbook of Optics},
    year = {2009},
    publisher = {McGraw-Hill Education},
    keywords = {optics, polarimetry, polarization}
}
@article{giakos,
    author = "Giakos, G.C.",
    title = "{Polarimetric Phenomenology of Light Interaction with Early Lung Cancer Stages}",
    journal = "Measurement Science and Technology",
    volume = "22",
    number = "11",
    year = "2011",
    keywords = "polarimetry, cancer"
}
@book{ecophysiology,
    title = {Handbook of Plant Ecophysiology Techniques},
    author = {Reigosa Roger, M.J.},
    isbn = {9780792370536},
    year = {2001},
    publisher = {Springer Science & Business Media},
    keywords = {plants, ecophysiology}
}
@article{rwc:1,
    author = "Tanentzap, F.M. and Stempel, A. and Ryser, P.",
    title = "{Reliability of Leaf Relative Water Content (RWC) Measurements after Storage: Consequences for in situ Measurements}",
    journal = "Botany",
    volume = "93",
    number = "9",
    year = "2015",
    DOI = "https://doi.org/10.1139/cjb-2015-0065",
    keywords = "botany, rwc"
}
@article{cuticle,
    author = "Yeats, T.H. and Rose, J.K.C.",
    title = "{The Formation and Function of Plant Cuticles}",
    journal = "Plant Physiology",
    volume = "163",
    number = "9",
    pages = "5--20",
    year = "2013",
    DOI = "https://doi.org/10.1104/pp.113.222737",
    keywords = "wax, plant, cuticle"
}
@book{remotesensing,
    title = {Remote Sensing and Image Interpretation},
    author = {Lillesand, T. and Kiefer, R.W. and Chipman, J.},
    isbn = {9780470052457},
    year = {2007},
    publisher = {Wiley},
    keywords = {remote sensing, imaging}
}
@online{harris,
    author = "Harris Geospatial Solutions",
    title = "Broadband Greenness",
    url  = "http://www.harrisgeospatial.com/docs/BroadbandGreenness.html#Visible",
    keywords = "VI, remote sensing"
}
@book{polarizedlight,
    title = {Polarized Light},
    author = {Goldstein, D.H.},
    isbn = {9781439830406},
    year = {2003},
    publisher = {CRC Press},
    keywords = {polarization, light, optics}
}
@book{schott,
    title = {Fundamentals of Polarimetric Remote Sensing},
    author = {Schott, J.R.},
    isbn = {9780819475343},
    series = {SPIE Tutorial Text},
    year = {2009},
    publisher = {SPIE--The International Society for Optical Engineering},
    keywords = {remote sensing, polarimetry}
}
@book{chemistry,
    title = {Chemistry the Central Science},
    author = {Brown and Lemay and Bursten and Murphy and Woodward},
    isbn = {9780321696724},
    series = {International Version},
    year = {2011},
    publisher = {Prentice Hall},
    keywords = {chemistry}
}
@online{noob,
    author = "Ericksen, N.J.",
    title = "noobElectric",
    url  = "https://github.com/nicholasericksen/noobElectric ",
    keywords = "python, optics"
}
@article{mississippi,
    author = "Dabbiru and Aanstoos and Ball and Younan",
    title = "{Screening Mississippi River Levees Using Texture-Based and Polarimetric-Based Features from Synthetic Aperture Radar Data}",
    year = "2017",
    keywords = "polarimetry, texture, glcm"
}
@article{seaice,
    author = "Soh, L.K.",
    title = "{Texture Analysis of SAR Sea Ice Imagery Using Gray Level Co-Occurrence Matrices}",
    journal = "IEEE Transactions on Geoscience and Remote Sensing",
    volume = "37",
    number = "2",
    pages = "780-795",
    year = "1999",
    DOI = "https://doi.org/10.1109/36.752194",
    keywords = "remote sensing, sea ice"
}
@article{plantdiscrimination,
    author = "Bosch, R.",
    title = "{Plant Classification System for Crop / Weed Discrimination Without Segmentation}",
    journal = " Applications of Computer Vision (WACV), 2014 IEEE Winter Conference",
    year = "2014",
    DOI = "https://doi.org/10.1109/WACV.2014.6835733",
    keywords = "crop discrimination, classification"
}
@article{sarag,
    author = "Karjalainen, M. and Kaartinen, H. and Hyyppä, J.",
    title = "{Agricultural Monitoring Using Envisat Alternating Polarization SAR Images}",
    journal = "Photogrammetric Engineering & Remote Sensing",
    number = "1",
    pages = "117-126",
    year = "2008",
    DOI = "https://doi.org/10.14358/PERS.74.1.117",
    keywords = "remote sensing, agriculture"
}
@article{priest,
    author = "Priest, R.G. and Germer, T.A.",
    title = "{Polarimetric BRDF in the Microfacet Model: Theory and Measurements}",
    journal = "Proceedings of the Military Sensing Symposia (MSS) Specialty Group Meeting on Passive Sensors",
    year = "2000",
    keywords = "brdf, polarimetry"
}
@article{pbrdf,
    author = "Renhorn, I.G.E and Hallberg, T. and Boreman, G.D.",
    title = "{Polarimetric BRDF in the Microfacet Model: Theory and Measurements}",
    journal = "Swedish Defense Research Agency",
    year = "2015",
    keywords = "brdf, polarimetry"
}
@online{calgary,
    author = "Hall-Beyer, M.",
    title = "GLCM Texture: A Tutorial",
    url  = "https://prism.ucalgary.ca/handle/1880/51900",
    keywords = "glcm, texture"
}
@article{specularclass,
    author = "Wolff, L.B.",
    title = "{Classification Of Material Surfaces Using The Polarization Of Specular Highlights}",
    journal = "SPIE Optics, Illumination, and Image Sensing for Machine Vision III",
    volume = "1005",
    year = "1989",
    DOI = "http://dx.doi.org/10.1117/12.949046",
    keywords = "specular, polarization"
}
@article{grant,
    author = "Grant, L.",
    title = "{Diffuse and Specular Characteristics of Leaf Reflectance}",
    journal = "Remote Sensing of Environment",
    volume = "22",
    number = "2",
    pages = "309-322",
    year = "1987",
    DOI = "https://doi.org/10.1016/0034-4257(87)90064-2",
    keywords = "diffuse, specular, leaf"
}
@article{plantvirus,
    author = "Maxwell, D.J. and Partridge, J.C. and Roberts, N.W. and Boonham, N. and Foster, G.D.",
    title = "{The Effects of Plant Virus Infection on Polarization Reflection from Leaves}",
    journal = "PLoS ONE",
    volume = "11",
    number = "4",
    year = "2016",
    DOI = "https://doi.org/10.1371/journal.pone.0152836",
    keywords = "physics"
}
@article{recognitionplants,
    author = "Bhardwaj, A. and Kaur, M. and Kumar, A.",
    title = "{Recognition of plants by Leaf Image using Moment Invariant and Texture Analysis}",
    journal = "International Journal of Innovation and Applied Studies",
    volume = "3",
    number = "1",
    pages = "237--248",
    year = "2013",
    keywords = "texture, plants"
}
@article{laserplants,
    author = "Askraba, S. and Paap, A. and Alameh, K.",
    title = "{Laser-Stabilized Real-Time Plant Discrimination Sensor for Precision Agriculture}",
    journal = "IEEE Sensors Journal",
    volume = "16",
    number = "17",
    year = "2016",
    DOI = "http://dx.doi.org/10.1109/JSEN.2016.2582908",
    keywords = "laser, plants, precision"
}
@article{specularbrdf,
    author = "Bousquet and Lacherade and Jacquemoud and Moya",
    title = "{Leaf BRDF measurements and model for specular and diffuse components differentiation}",
    journal = "Remote Sensing of Environment",
    volume = "98",
    number = "2-3",
    pages = "201--211",
    year = "2005",
    DOI = "https://doi.org/10.1016/j.rse.2005.07.005",
    keywords = "leaf, brdf"
}
@article{vanderbilt,
    author = "Vanderbilt, V.C. and Grant, L. and Daughtry, C.S.T.",
    title = "{Polarization of Light Scattered by Vegetation}",
    journal = "Proceedings of the IEEE",
    volume = "73",
    number = "6",
    year = "1985",
    DOI = "http://dx.doi.org/10.1109/PROC.1985.13232",
    keywords = "polarization, canopy, leaf"
}
@article{surface,
    author = "Atkinson, G.A. and Hancock, E.R.",
    title = "{Recovery of Surface Orientation from Diffuse Polarization}",
    journal = "IEEE Transactions on Image Processing",
    volume = "15",
    number = "6",
    year = "2006",
    DOI = "http://dx.doi.org/10.1109/TIP.2006.871114",
    keywords = "surface, diffuse, polarization"
}
@article{shapediffuse,
    author = "Atkinson, G. and Hancock, E.",
    title = "{Shape from Diffuse Polarisation}",
    year = "2004",
    DOI = "http://dx.doi.org/10.5244/C.18.94",
    keywords = "diffuse, polarization"
}
@book{stats,
    title = {An Introduction to Statistical Learning: with Applications in R},
    author = {James, G. and Witten, D. and Hastie, T. and Tibshirani, R.},
    isbn = {9781461471370},
    series = {Springer Texts in Statistics},
    year = {2017},
    publisher = {Springer},
    keywords = {statistics}
}
@online{pigments,
    title = "Leaf Structure and Pigments",
    url  = "http://w3.marietta.edu/~biol/introlab/Leaves%20and%20Pigments.pdf",
    keywords = "plant, pigments"
}





@book{dirac,
    title = {The Principles of Quantum Mechanics},
    author = {Paul Adrien Maurice Dirac},
    isbn = {9780198520115},
    series = {International series of monographs on physics},
    year = {1981},
    publisher = {Clarendon Press},
    keywords = {physics}
}

@article{einstein,
    author = "Albert Einstein",
    title = "{Zur Elektrodynamik bewegter K{\"o}rper}. ({German})
    [{On} the electrodynamics of moving bodies]",
    journal = "Annalen der Physik",
    volume = "322",
    number = "10",
    pages = "891--921",
    year = "1905",
    DOI = "http://dx.doi.org/10.1002/andp.19053221004",
    keywords = "physics"
}
